%YAML 1.1
%TAG !u! tag:unity3d.com,2011:
--- !u!29 &1
SceneSettings:
  m_ObjectHideFlags: 0
  m_PVSData: 
  m_PVSObjectsArray: []
  m_PVSPortalsArray: []
  m_OcclusionBakeSettings:
    smallestOccluder: 5
    smallestHole: .25
    backfaceThreshold: 100
--- !u!104 &2
RenderSettings:
  m_Fog: 0
  m_FogColor: {r: .5, g: .5, b: .5, a: 1}
  m_FogMode: 3
  m_FogDensity: .00999999978
  m_LinearFogStart: 0
  m_LinearFogEnd: 300
  m_AmbientLight: {r: .200000003, g: .200000003, b: .200000003, a: 1}
  m_SkyboxMaterial: {fileID: 0}
  m_HaloStrength: .5
  m_FlareStrength: 1
  m_FlareFadeSpeed: 3
  m_HaloTexture: {fileID: 0}
  m_SpotCookie: {fileID: 0}
  m_ObjectHideFlags: 0
--- !u!127 &3
LevelGameManager:
  m_ObjectHideFlags: 0
--- !u!157 &4
LightmapSettings:
  m_ObjectHideFlags: 0
  m_LightProbes: {fileID: 0}
  m_Lightmaps: []
  m_LightmapsMode: 1
  m_BakedColorSpace: 0
  m_UseDualLightmapsInForward: 0
  m_LightmapEditorSettings:
    m_Resolution: 50
    m_LastUsedResolution: 0
    m_TextureWidth: 1024
    m_TextureHeight: 1024
    m_BounceBoost: 1
    m_BounceIntensity: 1
    m_SkyLightColor: {r: .860000014, g: .930000007, b: 1, a: 1}
    m_SkyLightIntensity: 0
    m_Quality: 0
    m_Bounces: 1
    m_FinalGatherRays: 1000
    m_FinalGatherContrastThreshold: .0500000007
    m_FinalGatherGradientThreshold: 0
    m_FinalGatherInterpolationPoints: 15
    m_AOAmount: 0
    m_AOMaxDistance: .100000001
    m_AOContrast: 1
    m_LODSurfaceMappingDistance: 1
    m_Padding: 0
    m_TextureCompression: 0
    m_LockAtlas: 0
--- !u!196 &5
NavMeshSettings:
  m_ObjectHideFlags: 0
  m_BuildSettings:
    agentRadius: .5
    agentHeight: 2
    agentSlope: 45
    agentClimb: .400000006
    ledgeDropHeight: 0
    maxJumpAcrossDistance: 0
    accuratePlacement: 0
    minRegionArea: 2
    widthInaccuracy: 16.666666
    heightInaccuracy: 10
  m_NavMesh: {fileID: 0}
--- !u!1 &166313896
GameObject:
  m_ObjectHideFlags: 0
  m_PrefabParentObject: {fileID: 0}
  m_PrefabInternal: {fileID: 0}
  serializedVersion: 4
  m_Component:
  - 4: {fileID: 166313901}
  - 20: {fileID: 166313900}
  - 92: {fileID: 166313899}
  - 124: {fileID: 166313898}
  - 81: {fileID: 166313897}
  - 114: {fileID: 166313902}
  - 114: {fileID: 166313903}
  m_Layer: 0
  m_Name: Main Camera
  m_TagString: MainCamera
  m_Icon: {fileID: 0}
  m_NavMeshLayer: 0
  m_StaticEditorFlags: 0
  m_IsActive: 1
--- !u!81 &166313897
AudioListener:
  m_ObjectHideFlags: 0
  m_PrefabParentObject: {fileID: 0}
  m_PrefabInternal: {fileID: 0}
  m_GameObject: {fileID: 166313896}
  m_Enabled: 1
--- !u!124 &166313898
Behaviour:
  m_ObjectHideFlags: 0
  m_PrefabParentObject: {fileID: 0}
  m_PrefabInternal: {fileID: 0}
  m_GameObject: {fileID: 166313896}
  m_Enabled: 1
--- !u!92 &166313899
Behaviour:
  m_ObjectHideFlags: 0
  m_PrefabParentObject: {fileID: 0}
  m_PrefabInternal: {fileID: 0}
  m_GameObject: {fileID: 166313896}
  m_Enabled: 1
--- !u!20 &166313900
Camera:
  m_ObjectHideFlags: 0
  m_PrefabParentObject: {fileID: 0}
  m_PrefabInternal: {fileID: 0}
  m_GameObject: {fileID: 166313896}
  m_Enabled: 1
  serializedVersion: 2
  m_ClearFlags: 1
  m_BackGroundColor: {r: .113725491, g: .152941182, b: .211764708, a: .0196078438}
  m_NormalizedViewPortRect:
    serializedVersion: 2
    x: 0
    y: 0
    width: 1
    height: 1
  near clip plane: .300000012
  far clip plane: 1000
  field of view: 60
  orthographic: 1
  orthographic size: 5
  m_Depth: -1
  m_CullingMask:
    serializedVersion: 2
    m_Bits: 4294967295
  m_RenderingPath: -1
  m_TargetTexture: {fileID: 0}
  m_HDR: 0
  m_OcclusionCulling: 1
--- !u!4 &166313901
Transform:
  m_ObjectHideFlags: 0
  m_PrefabParentObject: {fileID: 0}
  m_PrefabInternal: {fileID: 0}
  m_GameObject: {fileID: 166313896}
  m_LocalRotation: {x: 0, y: 0, z: 0, w: 1}
  m_LocalPosition: {x: 0, y: 0, z: -10}
  m_LocalScale: {x: 1, y: 1, z: 1}
  m_Children:
  - {fileID: 2090400704}
  - {fileID: 1285252721}
  - {fileID: 824379627}
  - {fileID: 1900504635}
  - {fileID: 248537159}
  - {fileID: 1785813278}
  - {fileID: 1662801939}
  - {fileID: 323104064}
  m_Father: {fileID: 0}
--- !u!114 &166313902
MonoBehaviour:
  m_ObjectHideFlags: 0
  m_PrefabParentObject: {fileID: 0}
  m_PrefabInternal: {fileID: 0}
  m_GameObject: {fileID: 166313896}
  m_Enabled: 1
  m_EditorHideFlags: 0
  m_Script: {fileID: 11500000, guid: 47c4d47f788d94c439c602a122fb5cf8, type: 3}
  m_Name: 
  m_EditorClassIdentifier: 
  player: {fileID: 1357553925}
--- !u!114 &166313903
MonoBehaviour:
  m_ObjectHideFlags: 0
  m_PrefabParentObject: {fileID: 0}
  m_PrefabInternal: {fileID: 0}
  m_GameObject: {fileID: 166313896}
  m_Enabled: 1
  m_EditorHideFlags: 0
  m_Script: {fileID: 11500000, guid: a27e5fd8685037141a99a0d118fc9228, type: 3}
  m_Name: 
  m_EditorClassIdentifier: 
--- !u!1 &248537158
GameObject:
  m_ObjectHideFlags: 0
  m_PrefabParentObject: {fileID: 100000, guid: ee3f5068d78daff4a962edd17a6ebad9, type: 2}
  m_PrefabInternal: {fileID: 2123393723}
  serializedVersion: 4
  m_Component:
  - 4: {fileID: 248537159}
  - 33: {fileID: 248537163}
  - 64: {fileID: 248537162}
  - 23: {fileID: 248537161}
  - 114: {fileID: 248537160}
  m_Layer: 0
  m_Name: GroundSpawn
  m_TagString: Untagged
  m_Icon: {fileID: 0}
  m_NavMeshLayer: 0
  m_StaticEditorFlags: 0
  m_IsActive: 1
--- !u!4 &248537159
Transform:
  m_ObjectHideFlags: 0
  m_PrefabParentObject: {fileID: 400000, guid: ee3f5068d78daff4a962edd17a6ebad9, type: 2}
  m_PrefabInternal: {fileID: 2123393723}
  m_GameObject: {fileID: 248537158}
  m_LocalRotation: {x: 0, y: 0, z: 0, w: 1}
  m_LocalPosition: {x: 18, y: -4.0999999, z: 10}
  m_LocalScale: {x: 1, y: 1, z: 1}
  m_Children: []
  m_Father: {fileID: 166313901}
--- !u!114 &248537160
MonoBehaviour:
  m_ObjectHideFlags: 0
  m_PrefabParentObject: {fileID: 11400000, guid: ee3f5068d78daff4a962edd17a6ebad9,
    type: 2}
  m_PrefabInternal: {fileID: 2123393723}
  m_GameObject: {fileID: 248537158}
  m_Enabled: 1
  m_EditorHideFlags: 0
  m_Script: {fileID: 11500000, guid: c088547fdb02af44193243de9e40a9a3, type: 3}
  m_Name: 
  m_EditorClassIdentifier: 
  obj:
  - {fileID: 100000, guid: 41a24949f6d2ff54f9b8050c45f3820a, type: 2}
  - {fileID: 100000, guid: 3b403a57cdc67f547b9882fbfda4f1d7, type: 2}
  spawnMin: 1
  spawnMax: 2
--- !u!23 &248537161
Renderer:
  m_ObjectHideFlags: 0
  m_PrefabParentObject: {fileID: 2300000, guid: ee3f5068d78daff4a962edd17a6ebad9,
    type: 2}
  m_PrefabInternal: {fileID: 2123393723}
  m_GameObject: {fileID: 248537158}
  m_Enabled: 1
  m_CastShadows: 1
  m_ReceiveShadows: 1
  m_LightmapIndex: 255
  m_LightmapTilingOffset: {x: 1, y: 1, z: 0, w: 0}
  m_Materials:
  - {fileID: 10302, guid: 0000000000000000f000000000000000, type: 0}
  m_SubsetIndices: 
  m_StaticBatchRoot: {fileID: 0}
  m_UseLightProbes: 0
  m_LightProbeAnchor: {fileID: 0}
  m_ScaleInLightmap: 1
  m_SortingLayer: 0
  m_SortingOrder: 0
  m_SortingLayerID: 0
--- !u!64 &248537162
MeshCollider:
  m_ObjectHideFlags: 0
  m_PrefabParentObject: {fileID: 6400000, guid: ee3f5068d78daff4a962edd17a6ebad9,
    type: 2}
  m_PrefabInternal: {fileID: 2123393723}
  m_GameObject: {fileID: 248537158}
  m_Material: {fileID: 0}
  m_IsTrigger: 0
  m_Enabled: 1
  serializedVersion: 2
  m_SmoothSphereCollisions: 0
  m_Convex: 0
  m_Mesh: {fileID: 10210, guid: 0000000000000000e000000000000000, type: 0}
--- !u!33 &248537163
MeshFilter:
  m_ObjectHideFlags: 0
  m_PrefabParentObject: {fileID: 3300000, guid: ee3f5068d78daff4a962edd17a6ebad9,
    type: 2}
  m_PrefabInternal: {fileID: 2123393723}
  m_GameObject: {fileID: 248537158}
  m_Mesh: {fileID: 10210, guid: 0000000000000000e000000000000000, type: 0}
--- !u!1 &323104063
GameObject:
  m_ObjectHideFlags: 0
  m_PrefabParentObject: {fileID: 100000, guid: bba9a09e402b71d438228371ab71363e, type: 2}
  m_PrefabInternal: {fileID: 1099095466}
  serializedVersion: 4
  m_Component:
  - 4: {fileID: 323104064}
  - 33: {fileID: 323104068}
  - 64: {fileID: 323104067}
  - 23: {fileID: 323104066}
  - 114: {fileID: 323104065}
  m_Layer: 0
  m_Name: PowerUpSpawn
  m_TagString: Untagged
  m_Icon: {fileID: 0}
  m_NavMeshLayer: 0
  m_StaticEditorFlags: 0
  m_IsActive: 1
--- !u!4 &323104064
Transform:
  m_ObjectHideFlags: 0
  m_PrefabParentObject: {fileID: 400000, guid: bba9a09e402b71d438228371ab71363e, type: 2}
  m_PrefabInternal: {fileID: 1099095466}
  m_GameObject: {fileID: 323104063}
  m_LocalRotation: {x: 0, y: 0, z: 0, w: 1}
  m_LocalPosition: {x: 20, y: -2.5999999, z: 10}
  m_LocalScale: {x: .5, y: .5, z: .5}
  m_Children: []
  m_Father: {fileID: 166313901}
--- !u!114 &323104065
MonoBehaviour:
  m_ObjectHideFlags: 0
  m_PrefabParentObject: {fileID: 11400000, guid: bba9a09e402b71d438228371ab71363e,
    type: 2}
  m_PrefabInternal: {fileID: 1099095466}
  m_GameObject: {fileID: 323104063}
  m_Enabled: 1
  m_EditorHideFlags: 0
  m_Script: {fileID: 11500000, guid: c088547fdb02af44193243de9e40a9a3, type: 3}
  m_Name: 
  m_EditorClassIdentifier: 
  obj:
  - {fileID: 100000, guid: 8afd894f52854e84094adcf03d77003d, type: 2}
  spawnMin: 1
  spawnMax: 2.5
--- !u!23 &323104066
Renderer:
  m_ObjectHideFlags: 0
  m_PrefabParentObject: {fileID: 2300000, guid: bba9a09e402b71d438228371ab71363e,
    type: 2}
  m_PrefabInternal: {fileID: 1099095466}
  m_GameObject: {fileID: 323104063}
  m_Enabled: 1
  m_CastShadows: 1
  m_ReceiveShadows: 1
  m_LightmapIndex: 255
  m_LightmapTilingOffset: {x: 1, y: 1, z: 0, w: 0}
  m_Materials:
  - {fileID: 10302, guid: 0000000000000000f000000000000000, type: 0}
  m_SubsetIndices: 
  m_StaticBatchRoot: {fileID: 0}
  m_UseLightProbes: 0
  m_LightProbeAnchor: {fileID: 0}
  m_ScaleInLightmap: 1
  m_SortingLayer: 0
  m_SortingOrder: 0
  m_SortingLayerID: 0
--- !u!64 &323104067
MeshCollider:
  m_ObjectHideFlags: 0
  m_PrefabParentObject: {fileID: 6400000, guid: bba9a09e402b71d438228371ab71363e,
    type: 2}
  m_PrefabInternal: {fileID: 1099095466}
  m_GameObject: {fileID: 323104063}
  m_Material: {fileID: 0}
  m_IsTrigger: 0
  m_Enabled: 1
  serializedVersion: 2
  m_SmoothSphereCollisions: 0
  m_Convex: 0
  m_Mesh: {fileID: 10210, guid: 0000000000000000e000000000000000, type: 0}
--- !u!33 &323104068
MeshFilter:
  m_ObjectHideFlags: 0
  m_PrefabParentObject: {fileID: 3300000, guid: bba9a09e402b71d438228371ab71363e,
    type: 2}
  m_PrefabInternal: {fileID: 1099095466}
  m_GameObject: {fileID: 323104063}
  m_Mesh: {fileID: 10210, guid: 0000000000000000e000000000000000, type: 0}
--- !u!1001 &394491802
Prefab:
  m_ObjectHideFlags: 0
  serializedVersion: 2
  m_Modification:
    m_TransformParent: {fileID: 166313901}
    m_Modifications:
    - target: {fileID: 400000, guid: bba9a09e402b71d438228371ab71363e, type: 2}
      propertyPath: m_LocalPosition.x
      value: 22
      objectReference: {fileID: 0}
    - target: {fileID: 400000, guid: bba9a09e402b71d438228371ab71363e, type: 2}
      propertyPath: m_LocalPosition.y
      value: 3.4000001
      objectReference: {fileID: 0}
    - target: {fileID: 400000, guid: bba9a09e402b71d438228371ab71363e, type: 2}
      propertyPath: m_LocalPosition.z
      value: 20
      objectReference: {fileID: 0}
    - target: {fileID: 400000, guid: bba9a09e402b71d438228371ab71363e, type: 2}
      propertyPath: m_LocalRotation.x
      value: 0
      objectReference: {fileID: 0}
    - target: {fileID: 400000, guid: bba9a09e402b71d438228371ab71363e, type: 2}
      propertyPath: m_LocalRotation.y
      value: 0
      objectReference: {fileID: 0}
    - target: {fileID: 400000, guid: bba9a09e402b71d438228371ab71363e, type: 2}
      propertyPath: m_LocalRotation.z
      value: 0
      objectReference: {fileID: 0}
    - target: {fileID: 400000, guid: bba9a09e402b71d438228371ab71363e, type: 2}
      propertyPath: m_LocalRotation.w
      value: 1
      objectReference: {fileID: 0}
    m_RemovedComponents: []
  m_ParentPrefab: {fileID: 100100000, guid: bba9a09e402b71d438228371ab71363e, type: 2}
  m_RootGameObject: {fileID: 1785813277}
  m_IsPrefabParent: 0
  m_IsExploded: 1
--- !u!1001 &536083789
Prefab:
  m_ObjectHideFlags: 0
  serializedVersion: 2
  m_Modification:
    m_TransformParent: {fileID: 166313901}
    m_Modifications:
    - target: {fileID: 400000, guid: bba9a09e402b71d438228371ab71363e, type: 2}
      propertyPath: m_LocalPosition.x
      value: 23
      objectReference: {fileID: 0}
    - target: {fileID: 400000, guid: bba9a09e402b71d438228371ab71363e, type: 2}
      propertyPath: m_LocalPosition.y
      value: 0
      objectReference: {fileID: 0}
    - target: {fileID: 400000, guid: bba9a09e402b71d438228371ab71363e, type: 2}
      propertyPath: m_LocalPosition.z
      value: 20
      objectReference: {fileID: 0}
    - target: {fileID: 400000, guid: bba9a09e402b71d438228371ab71363e, type: 2}
      propertyPath: m_LocalRotation.x
      value: 0
      objectReference: {fileID: 0}
    - target: {fileID: 400000, guid: bba9a09e402b71d438228371ab71363e, type: 2}
      propertyPath: m_LocalRotation.y
      value: 0
      objectReference: {fileID: 0}
    - target: {fileID: 400000, guid: bba9a09e402b71d438228371ab71363e, type: 2}
      propertyPath: m_LocalRotation.z
      value: 0
      objectReference: {fileID: 0}
    - target: {fileID: 400000, guid: bba9a09e402b71d438228371ab71363e, type: 2}
      propertyPath: m_LocalRotation.w
      value: 1
      objectReference: {fileID: 0}
    m_RemovedComponents: []
  m_ParentPrefab: {fileID: 100100000, guid: bba9a09e402b71d438228371ab71363e, type: 2}
  m_RootGameObject: {fileID: 1662801938}
  m_IsPrefabParent: 0
  m_IsExploded: 1
--- !u!1001 &636289890
Prefab:
  m_ObjectHideFlags: 0
  serializedVersion: 2
  m_Modification:
    m_TransformParent: {fileID: 166313901}
    m_Modifications:
    - target: {fileID: 400000, guid: ee3f5068d78daff4a962edd17a6ebad9, type: 2}
      propertyPath: m_LocalPosition.x
      value: 10
      objectReference: {fileID: 0}
    - target: {fileID: 400000, guid: ee3f5068d78daff4a962edd17a6ebad9, type: 2}
      propertyPath: m_LocalPosition.y
      value: -1.23551488
      objectReference: {fileID: 0}
    - target: {fileID: 400000, guid: ee3f5068d78daff4a962edd17a6ebad9, type: 2}
      propertyPath: m_LocalPosition.z
      value: 10
      objectReference: {fileID: 0}
    - target: {fileID: 400000, guid: ee3f5068d78daff4a962edd17a6ebad9, type: 2}
      propertyPath: m_LocalRotation.x
      value: 0
      objectReference: {fileID: 0}
    - target: {fileID: 400000, guid: ee3f5068d78daff4a962edd17a6ebad9, type: 2}
      propertyPath: m_LocalRotation.y
      value: 0
      objectReference: {fileID: 0}
    - target: {fileID: 400000, guid: ee3f5068d78daff4a962edd17a6ebad9, type: 2}
      propertyPath: m_LocalRotation.z
      value: 0
      objectReference: {fileID: 0}
    - target: {fileID: 400000, guid: ee3f5068d78daff4a962edd17a6ebad9, type: 2}
      propertyPath: m_LocalRotation.w
      value: 1
      objectReference: {fileID: 0}
    m_RemovedComponents: []
  m_ParentPrefab: {fileID: 100100000, guid: ee3f5068d78daff4a962edd17a6ebad9, type: 2}
  m_RootGameObject: {fileID: 824379626}
  m_IsPrefabParent: 0
  m_IsExploded: 1
--- !u!1 &686093618
GameObject:
  m_ObjectHideFlags: 0
  m_PrefabParentObject: {fileID: 100002, guid: 41a24949f6d2ff54f9b8050c45f3820a, type: 2}
  m_PrefabInternal: {fileID: 1791927910}
  serializedVersion: 4
  m_Component:
  - 4: {fileID: 686093619}
  - 212: {fileID: 686093621}
  - 61: {fileID: 686093620}
  m_Layer: 0
  m_Name: prototype_grey_4x1
  m_TagString: Untagged
  m_Icon: {fileID: 0}
  m_NavMeshLayer: 0
  m_StaticEditorFlags: 0
  m_IsActive: 1
--- !u!4 &686093619
Transform:
  m_ObjectHideFlags: 0
  m_PrefabParentObject: {fileID: 400002, guid: 41a24949f6d2ff54f9b8050c45f3820a, type: 2}
  m_PrefabInternal: {fileID: 1791927910}
  m_GameObject: {fileID: 686093618}
  m_LocalRotation: {x: 0, y: 0, z: 0, w: 1}
  m_LocalPosition: {x: 5.0999999, y: 0, z: 0}
  m_LocalScale: {x: 1, y: 1, z: 1}
  m_Children: []
  m_Father: {fileID: 2120140741}
--- !u!61 &686093620
BoxCollider2D:
  m_ObjectHideFlags: 0
  m_PrefabParentObject: {fileID: 6100000, guid: 41a24949f6d2ff54f9b8050c45f3820a,
    type: 2}
  m_PrefabInternal: {fileID: 1791927910}
  m_GameObject: {fileID: 686093618}
  m_Enabled: 1
  m_Material: {fileID: 6200000, guid: 3626fe8e008014f6bbd19bb72937b311, type: 2}
  m_IsTrigger: 0
  m_Size: {x: 2.55999994, y: .639999986}
  m_Center: {x: 0, y: 0}
--- !u!212 &686093621
SpriteRenderer:
  m_ObjectHideFlags: 0
  m_PrefabParentObject: {fileID: 21200000, guid: 41a24949f6d2ff54f9b8050c45f3820a,
    type: 2}
  m_PrefabInternal: {fileID: 1791927910}
  m_GameObject: {fileID: 686093618}
  m_Enabled: 1
  m_CastShadows: 0
  m_ReceiveShadows: 0
  m_LightmapIndex: 255
  m_LightmapTilingOffset: {x: 1, y: 1, z: 0, w: 0}
  m_Materials:
  - {fileID: 10754, guid: 0000000000000000e000000000000000, type: 0}
  m_SubsetIndices: 
  m_StaticBatchRoot: {fileID: 0}
  m_UseLightProbes: 0
  m_LightProbeAnchor: {fileID: 0}
  m_ScaleInLightmap: 1
  m_SortingLayer: 0
  m_SortingOrder: 0
  m_SortingLayerID: 0
  m_Sprite: {fileID: 21300000, guid: d90a8faf6fb9540b084ef2825cc3a5dc, type: 3}
  m_Color: {r: 1, g: 1, b: 1, a: 1}
--- !u!1001 &797758385
Prefab:
  m_ObjectHideFlags: 0
  serializedVersion: 2
  m_Modification:
    m_TransformParent: {fileID: 0}
    m_Modifications:
    - target: {fileID: 400002, guid: 87a2357765801c34292d6718d8b4d770, type: 2}
      propertyPath: m_LocalPosition.x
      value: -6
      objectReference: {fileID: 0}
    - target: {fileID: 400002, guid: 87a2357765801c34292d6718d8b4d770, type: 2}
      propertyPath: m_LocalPosition.y
      value: -1.5
      objectReference: {fileID: 0}
    - target: {fileID: 400002, guid: 87a2357765801c34292d6718d8b4d770, type: 2}
      propertyPath: m_LocalPosition.z
      value: 0
      objectReference: {fileID: 0}
    - target: {fileID: 400002, guid: 87a2357765801c34292d6718d8b4d770, type: 2}
      propertyPath: m_LocalRotation.x
      value: 0
      objectReference: {fileID: 0}
    - target: {fileID: 400002, guid: 87a2357765801c34292d6718d8b4d770, type: 2}
      propertyPath: m_LocalRotation.y
      value: 0
      objectReference: {fileID: 0}
    - target: {fileID: 400002, guid: 87a2357765801c34292d6718d8b4d770, type: 2}
      propertyPath: m_LocalRotation.z
      value: 0
      objectReference: {fileID: 0}
    - target: {fileID: 400002, guid: 87a2357765801c34292d6718d8b4d770, type: 2}
      propertyPath: m_LocalRotation.w
      value: 1
      objectReference: {fileID: 0}
    - target: {fileID: 6100000, guid: 87a2357765801c34292d6718d8b4d770, type: 2}
      propertyPath: m_Material
      value: 
      objectReference: {fileID: 6200000, guid: 3626fe8e008014f6bbd19bb72937b311, type: 2}
    m_RemovedComponents: []
  m_ParentPrefab: {fileID: 100100000, guid: 87a2357765801c34292d6718d8b4d770, type: 2}
  m_RootGameObject: {fileID: 1357553924}
  m_IsPrefabParent: 0
  m_IsExploded: 1
--- !u!1 &824379626
GameObject:
  m_ObjectHideFlags: 0
  m_PrefabParentObject: {fileID: 100000, guid: ee3f5068d78daff4a962edd17a6ebad9, type: 2}
  m_PrefabInternal: {fileID: 636289890}
  serializedVersion: 4
  m_Component:
  - 4: {fileID: 824379627}
  - 33: {fileID: 824379631}
  - 64: {fileID: 824379630}
  - 23: {fileID: 824379629}
  - 114: {fileID: 824379628}
  m_Layer: 0
  m_Name: GroundSpawn
  m_TagString: Untagged
  m_Icon: {fileID: 0}
  m_NavMeshLayer: 0
  m_StaticEditorFlags: 0
  m_IsActive: 1
--- !u!4 &824379627
Transform:
  m_ObjectHideFlags: 0
  m_PrefabParentObject: {fileID: 400000, guid: ee3f5068d78daff4a962edd17a6ebad9, type: 2}
  m_PrefabInternal: {fileID: 636289890}
  m_GameObject: {fileID: 824379626}
  m_LocalRotation: {x: 0, y: 0, z: 0, w: 1}
  m_LocalPosition: {x: 10, y: -1.23551488, z: 10}
  m_LocalScale: {x: 1, y: 1, z: 1}
  m_Children: []
  m_Father: {fileID: 166313901}
--- !u!114 &824379628
MonoBehaviour:
  m_ObjectHideFlags: 0
  m_PrefabParentObject: {fileID: 11400000, guid: ee3f5068d78daff4a962edd17a6ebad9,
    type: 2}
  m_PrefabInternal: {fileID: 636289890}
  m_GameObject: {fileID: 824379626}
  m_Enabled: 1
  m_EditorHideFlags: 0
  m_Script: {fileID: 11500000, guid: c088547fdb02af44193243de9e40a9a3, type: 3}
  m_Name: 
  m_EditorClassIdentifier: 
  obj:
  - {fileID: 100000, guid: 41a24949f6d2ff54f9b8050c45f3820a, type: 2}
  - {fileID: 100000, guid: 3b403a57cdc67f547b9882fbfda4f1d7, type: 2}
  - {fileID: 100000, guid: 34464c88ad0a2c14f9a9bc46819d00cf, type: 2}
  spawnMin: 1
  spawnMax: 2
--- !u!23 &824379629
Renderer:
  m_ObjectHideFlags: 0
  m_PrefabParentObject: {fileID: 2300000, guid: ee3f5068d78daff4a962edd17a6ebad9,
    type: 2}
  m_PrefabInternal: {fileID: 636289890}
  m_GameObject: {fileID: 824379626}
  m_Enabled: 1
  m_CastShadows: 1
  m_ReceiveShadows: 1
  m_LightmapIndex: 255
  m_LightmapTilingOffset: {x: 1, y: 1, z: 0, w: 0}
  m_Materials:
  - {fileID: 10302, guid: 0000000000000000f000000000000000, type: 0}
  m_SubsetIndices: 
  m_StaticBatchRoot: {fileID: 0}
  m_UseLightProbes: 0
  m_LightProbeAnchor: {fileID: 0}
  m_ScaleInLightmap: 1
  m_SortingLayer: 0
  m_SortingOrder: 0
  m_SortingLayerID: 0
--- !u!64 &824379630
MeshCollider:
  m_ObjectHideFlags: 0
  m_PrefabParentObject: {fileID: 6400000, guid: ee3f5068d78daff4a962edd17a6ebad9,
    type: 2}
  m_PrefabInternal: {fileID: 636289890}
  m_GameObject: {fileID: 824379626}
  m_Material: {fileID: 0}
  m_IsTrigger: 0
  m_Enabled: 1
  serializedVersion: 2
  m_SmoothSphereCollisions: 0
  m_Convex: 0
  m_Mesh: {fileID: 10210, guid: 0000000000000000e000000000000000, type: 0}
--- !u!33 &824379631
MeshFilter:
  m_ObjectHideFlags: 0
  m_PrefabParentObject: {fileID: 3300000, guid: ee3f5068d78daff4a962edd17a6ebad9,
    type: 2}
  m_PrefabInternal: {fileID: 636289890}
  m_GameObject: {fileID: 824379626}
  m_Mesh: {fileID: 10210, guid: 0000000000000000e000000000000000, type: 0}
--- !u!1 &843598802
GameObject:
  m_ObjectHideFlags: 0
  m_PrefabParentObject: {fileID: 100004, guid: 41a24949f6d2ff54f9b8050c45f3820a, type: 2}
  m_PrefabInternal: {fileID: 1791927910}
  serializedVersion: 4
  m_Component:
  - 4: {fileID: 843598805}
  - 212: {fileID: 843598804}
  - 61: {fileID: 843598803}
  m_Layer: 0
  m_Name: prototype_grey_4x1
  m_TagString: Untagged
  m_Icon: {fileID: 0}
  m_NavMeshLayer: 0
  m_StaticEditorFlags: 0
  m_IsActive: 1
--- !u!61 &843598803
BoxCollider2D:
  m_ObjectHideFlags: 0
  m_PrefabParentObject: {fileID: 6100002, guid: 41a24949f6d2ff54f9b8050c45f3820a,
    type: 2}
  m_PrefabInternal: {fileID: 1791927910}
  m_GameObject: {fileID: 843598802}
  m_Enabled: 1
  m_Material: {fileID: 6200000, guid: 3626fe8e008014f6bbd19bb72937b311, type: 2}
  m_IsTrigger: 0
  m_Size: {x: 2.55999994, y: .639999986}
  m_Center: {x: 0, y: 0}
--- !u!212 &843598804
SpriteRenderer:
  m_ObjectHideFlags: 0
  m_PrefabParentObject: {fileID: 21200002, guid: 41a24949f6d2ff54f9b8050c45f3820a,
    type: 2}
  m_PrefabInternal: {fileID: 1791927910}
  m_GameObject: {fileID: 843598802}
  m_Enabled: 1
  m_CastShadows: 0
  m_ReceiveShadows: 0
  m_LightmapIndex: 255
  m_LightmapTilingOffset: {x: 1, y: 1, z: 0, w: 0}
  m_Materials:
  - {fileID: 10754, guid: 0000000000000000e000000000000000, type: 0}
  m_SubsetIndices: 
  m_StaticBatchRoot: {fileID: 0}
  m_UseLightProbes: 0
  m_LightProbeAnchor: {fileID: 0}
  m_ScaleInLightmap: 1
  m_SortingLayer: 0
  m_SortingOrder: 0
  m_SortingLayerID: 0
  m_Sprite: {fileID: 21300000, guid: d90a8faf6fb9540b084ef2825cc3a5dc, type: 3}
  m_Color: {r: 1, g: 1, b: 1, a: 1}
--- !u!4 &843598805
Transform:
  m_ObjectHideFlags: 0
  m_PrefabParentObject: {fileID: 400004, guid: 41a24949f6d2ff54f9b8050c45f3820a, type: 2}
  m_PrefabInternal: {fileID: 1791927910}
  m_GameObject: {fileID: 843598802}
  m_LocalRotation: {x: 0, y: 0, z: 0, w: 1}
  m_LocalPosition: {x: 2.54999995, y: 0, z: 0}
  m_LocalScale: {x: 1, y: 1, z: 1}
  m_Children: []
  m_Father: {fileID: 2120140741}
--- !u!1001 &914263794
Prefab:
  m_ObjectHideFlags: 0
  serializedVersion: 2
  m_Modification:
    m_TransformParent: {fileID: 166313901}
    m_Modifications:
    - target: {fileID: 400000, guid: ee3f5068d78daff4a962edd17a6ebad9, type: 2}
      propertyPath: m_LocalPosition.x
      value: 18
      objectReference: {fileID: 0}
    - target: {fileID: 400000, guid: ee3f5068d78daff4a962edd17a6ebad9, type: 2}
      propertyPath: m_LocalPosition.y
      value: 1.70000005
      objectReference: {fileID: 0}
    - target: {fileID: 400000, guid: ee3f5068d78daff4a962edd17a6ebad9, type: 2}
      propertyPath: m_LocalPosition.z
      value: 10
      objectReference: {fileID: 0}
    - target: {fileID: 400000, guid: ee3f5068d78daff4a962edd17a6ebad9, type: 2}
      propertyPath: m_LocalRotation.x
      value: 0
      objectReference: {fileID: 0}
    - target: {fileID: 400000, guid: ee3f5068d78daff4a962edd17a6ebad9, type: 2}
      propertyPath: m_LocalRotation.y
      value: 0
      objectReference: {fileID: 0}
    - target: {fileID: 400000, guid: ee3f5068d78daff4a962edd17a6ebad9, type: 2}
      propertyPath: m_LocalRotation.z
      value: 0
      objectReference: {fileID: 0}
    - target: {fileID: 400000, guid: ee3f5068d78daff4a962edd17a6ebad9, type: 2}
      propertyPath: m_LocalRotation.w
      value: 1
      objectReference: {fileID: 0}
    m_RemovedComponents: []
  m_ParentPrefab: {fileID: 100100000, guid: ee3f5068d78daff4a962edd17a6ebad9, type: 2}
  m_RootGameObject: {fileID: 1900504634}
  m_IsPrefabParent: 0
  m_IsExploded: 1
--- !u!1001 &1099095466
Prefab:
  m_ObjectHideFlags: 0
  serializedVersion: 2
  m_Modification:
    m_TransformParent: {fileID: 166313901}
    m_Modifications:
    - target: {fileID: 400000, guid: bba9a09e402b71d438228371ab71363e, type: 2}
      propertyPath: m_LocalPosition.x
      value: 20
      objectReference: {fileID: 0}
    - target: {fileID: 400000, guid: bba9a09e402b71d438228371ab71363e, type: 2}
      propertyPath: m_LocalPosition.y
      value: -2.5999999
      objectReference: {fileID: 0}
    - target: {fileID: 400000, guid: bba9a09e402b71d438228371ab71363e, type: 2}
      propertyPath: m_LocalPosition.z
      value: 10
      objectReference: {fileID: 0}
    - target: {fileID: 400000, guid: bba9a09e402b71d438228371ab71363e, type: 2}
      propertyPath: m_LocalRotation.x
      value: 0
      objectReference: {fileID: 0}
    - target: {fileID: 400000, guid: bba9a09e402b71d438228371ab71363e, type: 2}
      propertyPath: m_LocalRotation.y
      value: 0
      objectReference: {fileID: 0}
    - target: {fileID: 400000, guid: bba9a09e402b71d438228371ab71363e, type: 2}
      propertyPath: m_LocalRotation.z
      value: 0
      objectReference: {fileID: 0}
    - target: {fileID: 400000, guid: bba9a09e402b71d438228371ab71363e, type: 2}
      propertyPath: m_LocalRotation.w
      value: 1
      objectReference: {fileID: 0}
    - target: {fileID: 11400000, guid: bba9a09e402b71d438228371ab71363e, type: 2}
      propertyPath: spawnMin
      value: 1
      objectReference: {fileID: 0}
    - target: {fileID: 11400000, guid: bba9a09e402b71d438228371ab71363e, type: 2}
      propertyPath: spawnMax
      value: 2.5
      objectReference: {fileID: 0}
    m_RemovedComponents: []
  m_ParentPrefab: {fileID: 100100000, guid: bba9a09e402b71d438228371ab71363e, type: 2}
  m_RootGameObject: {fileID: 323104063}
  m_IsPrefabParent: 0
  m_IsExploded: 1
--- !u!1 &1285252720
GameObject:
  m_ObjectHideFlags: 0
  m_PrefabParentObject: {fileID: 0}
  m_PrefabInternal: {fileID: 0}
  serializedVersion: 4
  m_Component:
  - 4: {fileID: 1285252721}
  - 33: {fileID: 1285252726}
  - 23: {fileID: 1285252725}
  - 61: {fileID: 1285252724}
  - 50: {fileID: 1285252723}
  - 114: {fileID: 1285252722}
  m_Layer: 0
  m_Name: Destroyer
  m_TagString: Untagged
  m_Icon: {fileID: 0}
  m_NavMeshLayer: 0
  m_StaticEditorFlags: 0
  m_IsActive: 1
--- !u!4 &1285252721
Transform:
  m_ObjectHideFlags: 0
  m_PrefabParentObject: {fileID: 0}
  m_PrefabInternal: {fileID: 0}
  m_GameObject: {fileID: 1285252720}
  m_LocalRotation: {x: 0, y: 0, z: 0, w: 1}
  m_LocalPosition: {x: 0, y: -8, z: 10}
  m_LocalScale: {x: 20, y: 1, z: 1}
  m_Children: []
  m_Father: {fileID: 166313901}
--- !u!114 &1285252722
MonoBehaviour:
  m_ObjectHideFlags: 0
  m_PrefabParentObject: {fileID: 0}
  m_PrefabInternal: {fileID: 0}
  m_GameObject: {fileID: 1285252720}
  m_Enabled: 1
  m_EditorHideFlags: 0
  m_Script: {fileID: 11500000, guid: 07ad9b12fa8e9734586eb9f9072ae646, type: 3}
  m_Name: 
  m_EditorClassIdentifier: 
--- !u!50 &1285252723
Rigidbody2D:
  m_ObjectHideFlags: 0
  m_PrefabParentObject: {fileID: 0}
  m_PrefabInternal: {fileID: 0}
  m_GameObject: {fileID: 1285252720}
  m_Mass: 1
  m_LinearDrag: 0
  m_AngularDrag: .0500000007
  m_GravityScale: 0
  m_FixedAngle: 0
  m_IsKinematic: 0
  m_Interpolate: 0
  m_SleepingMode: 1
  m_CollisionDetection: 0
--- !u!61 &1285252724
BoxCollider2D:
  m_ObjectHideFlags: 0
  m_PrefabParentObject: {fileID: 0}
  m_PrefabInternal: {fileID: 0}
  m_GameObject: {fileID: 1285252720}
  m_Enabled: 1
  m_Material: {fileID: 0}
  m_IsTrigger: 1
  m_Size: {x: 1, y: 1}
  m_Center: {x: 0, y: 0}
--- !u!23 &1285252725
Renderer:
  m_ObjectHideFlags: 0
  m_PrefabParentObject: {fileID: 0}
  m_PrefabInternal: {fileID: 0}
  m_GameObject: {fileID: 1285252720}
  m_Enabled: 1
  m_CastShadows: 1
  m_ReceiveShadows: 1
  m_LightmapIndex: 255
  m_LightmapTilingOffset: {x: 1, y: 1, z: 0, w: 0}
  m_Materials:
  - {fileID: 10302, guid: 0000000000000000f000000000000000, type: 0}
  m_SubsetIndices: 
  m_StaticBatchRoot: {fileID: 0}
  m_UseLightProbes: 0
  m_LightProbeAnchor: {fileID: 0}
  m_ScaleInLightmap: 1
  m_SortingLayer: 0
  m_SortingOrder: 0
  m_SortingLayerID: 0
--- !u!33 &1285252726
MeshFilter:
  m_ObjectHideFlags: 0
  m_PrefabParentObject: {fileID: 0}
  m_PrefabInternal: {fileID: 0}
  m_GameObject: {fileID: 1285252720}
  m_Mesh: {fileID: 10210, guid: 0000000000000000e000000000000000, type: 0}
--- !u!1 &1357553924
GameObject:
  m_ObjectHideFlags: 0
  m_PrefabParentObject: {fileID: 100002, guid: 87a2357765801c34292d6718d8b4d770, type: 2}
  m_PrefabInternal: {fileID: 797758385}
  serializedVersion: 4
  m_Component:
  - 4: {fileID: 1357553925}
  - 212: {fileID: 1357553932}
  - 95: {fileID: 1357553931}
  - 58: {fileID: 1357553930}
  - 50: {fileID: 1357553929}
  - 114: {fileID: 1357553928}
  - 114: {fileID: 1357553927}
  - 61: {fileID: 1357553926}
  m_Layer: 9
  m_Name: 2D Character
  m_TagString: Player
  m_Icon: {fileID: 0}
  m_NavMeshLayer: 0
  m_StaticEditorFlags: 0
  m_IsActive: 1
--- !u!4 &1357553925
Transform:
  m_ObjectHideFlags: 0
  m_PrefabParentObject: {fileID: 400002, guid: 87a2357765801c34292d6718d8b4d770, type: 2}
  m_PrefabInternal: {fileID: 797758385}
  m_GameObject: {fileID: 1357553924}
  m_LocalRotation: {x: 0, y: 0, z: 0, w: 1}
  m_LocalPosition: {x: -6, y: -1.5, z: 0}
  m_LocalScale: {x: 1.77153289, y: 1.77153039, z: 1}
  m_Children:
  - {fileID: 1476541736}
  - {fileID: 1422775230}
  m_Father: {fileID: 0}
--- !u!61 &1357553926
BoxCollider2D:
  m_ObjectHideFlags: 0
  m_PrefabParentObject: {fileID: 6100000, guid: 87a2357765801c34292d6718d8b4d770,
    type: 2}
  m_PrefabInternal: {fileID: 797758385}
  m_GameObject: {fileID: 1357553924}
  m_Enabled: 1
  m_Material: {fileID: 6200000, guid: 3626fe8e008014f6bbd19bb72937b311, type: 2}
  m_IsTrigger: 0
  m_Size: {x: .25, y: .680000007}
  m_Center: {x: 0, y: 0}
--- !u!114 &1357553927
MonoBehaviour:
  m_ObjectHideFlags: 0
  m_PrefabParentObject: {fileID: 11400000, guid: 87a2357765801c34292d6718d8b4d770,
    type: 2}
  m_PrefabInternal: {fileID: 797758385}
  m_GameObject: {fileID: 1357553924}
  m_Enabled: 1
  m_EditorHideFlags: 0
  m_Script: {fileID: 11500000, guid: c3d7b34a3bb2d4e4b926e7e729d3d410, type: 3}
  m_Name: 
  m_EditorClassIdentifier: 
--- !u!114 &1357553928
MonoBehaviour:
  m_ObjectHideFlags: 0
  m_PrefabParentObject: {fileID: 11400002, guid: 87a2357765801c34292d6718d8b4d770,
    type: 2}
  m_PrefabInternal: {fileID: 797758385}
  m_GameObject: {fileID: 1357553924}
  m_Enabled: 1
  m_EditorHideFlags: 0
  m_Script: {fileID: 11500000, guid: d08f91df3bd212f429df17f53ce2f364, type: 3}
  m_Name: 
  m_EditorClassIdentifier: 
  maxSpeed: 10
  jumpForce: 800
  crouchSpeed: .25
  airControl: 1
  whatIsGround:
    serializedVersion: 2
    m_Bits: 4294966783
--- !u!50 &1357553929
Rigidbody2D:
  m_ObjectHideFlags: 0
  m_PrefabParentObject: {fileID: 5000000, guid: 87a2357765801c34292d6718d8b4d770,
    type: 2}
  m_PrefabInternal: {fileID: 797758385}
  m_GameObject: {fileID: 1357553924}
  m_Mass: 1
  m_LinearDrag: 0
  m_AngularDrag: .0500000007
  m_GravityScale: 3
  m_FixedAngle: 1
  m_IsKinematic: 0
  m_Interpolate: 1
  m_SleepingMode: 1
  m_CollisionDetection: 0
--- !u!58 &1357553930
CircleCollider2D:
  m_ObjectHideFlags: 0
  m_PrefabParentObject: {fileID: 5800000, guid: 87a2357765801c34292d6718d8b4d770,
    type: 2}
  m_PrefabInternal: {fileID: 797758385}
  m_GameObject: {fileID: 1357553924}
  m_Enabled: 1
  m_Material: {fileID: 0}
  m_IsTrigger: 0
  m_Radius: .159999996
  m_Center: {x: 0, y: -.449999988}
--- !u!95 &1357553931
Animator:
  serializedVersion: 2
  m_ObjectHideFlags: 0
  m_PrefabParentObject: {fileID: 9500000, guid: 87a2357765801c34292d6718d8b4d770,
    type: 2}
  m_PrefabInternal: {fileID: 797758385}
  m_GameObject: {fileID: 1357553924}
  m_Enabled: 1
  m_Avatar: {fileID: 0}
  m_Controller: {fileID: 9100000, guid: 5fc43f0c4b413534ba12c51c0e5e5f6f, type: 2}
  m_CullingMode: 0
  m_ApplyRootMotion: 0
  m_AnimatePhysics: 1
  m_HasTransformHierarchy: 1
--- !u!212 &1357553932
SpriteRenderer:
  m_ObjectHideFlags: 0
  m_PrefabParentObject: {fileID: 21200000, guid: 87a2357765801c34292d6718d8b4d770,
    type: 2}
  m_PrefabInternal: {fileID: 797758385}
  m_GameObject: {fileID: 1357553924}
  m_Enabled: 1
  m_CastShadows: 0
  m_ReceiveShadows: 0
  m_LightmapIndex: 255
  m_LightmapTilingOffset: {x: 1, y: 1, z: 0, w: 0}
  m_Materials:
  - {fileID: 10754, guid: 0000000000000000e000000000000000, type: 0}
  m_SubsetIndices: 
  m_StaticBatchRoot: {fileID: 0}
  m_UseLightProbes: 0
  m_LightProbeAnchor: {fileID: 0}
  m_ScaleInLightmap: 1
  m_SortingLayer: 0
  m_SortingOrder: 0
  m_SortingLayerID: 2511236001
  m_Sprite: {fileID: 21300000, guid: 8fb98a6035269e64a998f9b56828fc4f, type: 3}
  m_Color: {r: 1, g: 1, b: 1, a: 1}
--- !u!1 &1422775229
GameObject:
  m_ObjectHideFlags: 0
  m_PrefabParentObject: {fileID: 100004, guid: 87a2357765801c34292d6718d8b4d770, type: 2}
  m_PrefabInternal: {fileID: 797758385}
  serializedVersion: 4
  m_Component:
  - 4: {fileID: 1422775230}
  m_Layer: 0
  m_Name: CeilingCheck
  m_TagString: Untagged
  m_Icon: {fileID: -2065832391, guid: 0000000000000000d000000000000000, type: 0}
  m_NavMeshLayer: 0
  m_StaticEditorFlags: 0
  m_IsActive: 1
--- !u!4 &1422775230
Transform:
  m_ObjectHideFlags: 0
  m_PrefabParentObject: {fileID: 400004, guid: 87a2357765801c34292d6718d8b4d770, type: 2}
  m_PrefabInternal: {fileID: 797758385}
  m_GameObject: {fileID: 1422775229}
  m_LocalRotation: {x: 0, y: 0, z: 0, w: 1}
  m_LocalPosition: {x: 0, y: .360000014, z: 0}
  m_LocalScale: {x: 1, y: 1, z: 1}
  m_Children: []
  m_Father: {fileID: 1357553925}
--- !u!1 &1476541735
GameObject:
  m_ObjectHideFlags: 0
  m_PrefabParentObject: {fileID: 100000, guid: 87a2357765801c34292d6718d8b4d770, type: 2}
  m_PrefabInternal: {fileID: 797758385}
  serializedVersion: 4
  m_Component:
  - 4: {fileID: 1476541736}
  m_Layer: 9
  m_Name: GroundCheck
  m_TagString: Untagged
  m_Icon: {fileID: -2065832391, guid: 0000000000000000d000000000000000, type: 0}
  m_NavMeshLayer: 0
  m_StaticEditorFlags: 0
  m_IsActive: 1
--- !u!4 &1476541736
Transform:
  m_ObjectHideFlags: 0
  m_PrefabParentObject: {fileID: 400000, guid: 87a2357765801c34292d6718d8b4d770, type: 2}
  m_PrefabInternal: {fileID: 797758385}
  m_GameObject: {fileID: 1476541735}
  m_LocalRotation: {x: 0, y: 0, z: 0, w: 1}
  m_LocalPosition: {x: 0, y: -.603473186, z: 0}
  m_LocalScale: {x: .564482868, y: .564483702, z: 1}
  m_Children: []
  m_Father: {fileID: 1357553925}
--- !u!1 &1631364095
GameObject:
  m_ObjectHideFlags: 0
  m_PrefabParentObject: {fileID: 100006, guid: 41a24949f6d2ff54f9b8050c45f3820a, type: 2}
  m_PrefabInternal: {fileID: 1791927910}
  serializedVersion: 4
  m_Component:
  - 4: {fileID: 1631364096}
  - 212: {fileID: 1631364098}
  - 61: {fileID: 1631364097}
  m_Layer: 0
  m_Name: prototype_grey_4x1
  m_TagString: Untagged
  m_Icon: {fileID: 0}
  m_NavMeshLayer: 0
  m_StaticEditorFlags: 0
  m_IsActive: 1
--- !u!4 &1631364096
Transform:
  m_ObjectHideFlags: 0
  m_PrefabParentObject: {fileID: 400006, guid: 41a24949f6d2ff54f9b8050c45f3820a, type: 2}
  m_PrefabInternal: {fileID: 1791927910}
  m_GameObject: {fileID: 1631364095}
  m_LocalRotation: {x: 0, y: 0, z: 0, w: 1}
  m_LocalPosition: {x: 0, y: 0, z: 0}
  m_LocalScale: {x: 1, y: 1, z: 1}
  m_Children: []
  m_Father: {fileID: 2120140741}
--- !u!61 &1631364097
BoxCollider2D:
  m_ObjectHideFlags: 0
  m_PrefabParentObject: {fileID: 6100004, guid: 41a24949f6d2ff54f9b8050c45f3820a,
    type: 2}
  m_PrefabInternal: {fileID: 1791927910}
  m_GameObject: {fileID: 1631364095}
  m_Enabled: 1
  m_Material: {fileID: 6200000, guid: 3626fe8e008014f6bbd19bb72937b311, type: 2}
  m_IsTrigger: 0
  m_Size: {x: 2.55999994, y: .639999986}
  m_Center: {x: 0, y: 0}
--- !u!212 &1631364098
SpriteRenderer:
  m_ObjectHideFlags: 0
  m_PrefabParentObject: {fileID: 21200004, guid: 41a24949f6d2ff54f9b8050c45f3820a,
    type: 2}
  m_PrefabInternal: {fileID: 1791927910}
  m_GameObject: {fileID: 1631364095}
  m_Enabled: 1
  m_CastShadows: 0
  m_ReceiveShadows: 0
  m_LightmapIndex: 255
  m_LightmapTilingOffset: {x: 1, y: 1, z: 0, w: 0}
  m_Materials:
  - {fileID: 10754, guid: 0000000000000000e000000000000000, type: 0}
  m_SubsetIndices: 
  m_StaticBatchRoot: {fileID: 0}
  m_UseLightProbes: 0
  m_LightProbeAnchor: {fileID: 0}
  m_ScaleInLightmap: 1
  m_SortingLayer: 0
  m_SortingOrder: 0
  m_SortingLayerID: 0
  m_Sprite: {fileID: 21300000, guid: d90a8faf6fb9540b084ef2825cc3a5dc, type: 3}
  m_Color: {r: 1, g: 1, b: 1, a: 1}
--- !u!1 &1662801938
GameObject:
  m_ObjectHideFlags: 0
  m_PrefabParentObject: {fileID: 100000, guid: bba9a09e402b71d438228371ab71363e, type: 2}
  m_PrefabInternal: {fileID: 536083789}
  serializedVersion: 4
  m_Component:
  - 4: {fileID: 1662801939}
  - 33: {fileID: 1662801943}
  - 64: {fileID: 1662801942}
  - 23: {fileID: 1662801941}
  - 114: {fileID: 1662801940}
  m_Layer: 0
  m_Name: PowerUpSpawn
  m_TagString: Untagged
  m_Icon: {fileID: 0}
  m_NavMeshLayer: 0
  m_StaticEditorFlags: 0
  m_IsActive: 1
--- !u!4 &1662801939
Transform:
  m_ObjectHideFlags: 0
  m_PrefabParentObject: {fileID: 400000, guid: bba9a09e402b71d438228371ab71363e, type: 2}
  m_PrefabInternal: {fileID: 536083789}
  m_GameObject: {fileID: 1662801938}
  m_LocalRotation: {x: 0, y: 0, z: 0, w: 1}
  m_LocalPosition: {x: 23, y: 0, z: 20}
  m_LocalScale: {x: .5, y: .5, z: .5}
  m_Children: []
  m_Father: {fileID: 166313901}
--- !u!114 &1662801940
MonoBehaviour:
  m_ObjectHideFlags: 0
  m_PrefabParentObject: {fileID: 11400000, guid: bba9a09e402b71d438228371ab71363e,
    type: 2}
  m_PrefabInternal: {fileID: 536083789}
  m_GameObject: {fileID: 1662801938}
  m_Enabled: 1
  m_EditorHideFlags: 0
  m_Script: {fileID: 11500000, guid: c088547fdb02af44193243de9e40a9a3, type: 3}
  m_Name: 
  m_EditorClassIdentifier: 
  obj:
  - {fileID: 100000, guid: 8afd894f52854e84094adcf03d77003d, type: 2}
  spawnMin: 2
  spawnMax: 5
--- !u!23 &1662801941
Renderer:
  m_ObjectHideFlags: 0
  m_PrefabParentObject: {fileID: 2300000, guid: bba9a09e402b71d438228371ab71363e,
    type: 2}
  m_PrefabInternal: {fileID: 536083789}
  m_GameObject: {fileID: 1662801938}
  m_Enabled: 1
  m_CastShadows: 1
  m_ReceiveShadows: 1
  m_LightmapIndex: 255
  m_LightmapTilingOffset: {x: 1, y: 1, z: 0, w: 0}
  m_Materials:
  - {fileID: 10302, guid: 0000000000000000f000000000000000, type: 0}
  m_SubsetIndices: 
  m_StaticBatchRoot: {fileID: 0}
  m_UseLightProbes: 0
  m_LightProbeAnchor: {fileID: 0}
  m_ScaleInLightmap: 1
  m_SortingLayer: 0
  m_SortingOrder: 0
  m_SortingLayerID: 0
--- !u!64 &1662801942
MeshCollider:
  m_ObjectHideFlags: 0
  m_PrefabParentObject: {fileID: 6400000, guid: bba9a09e402b71d438228371ab71363e,
    type: 2}
  m_PrefabInternal: {fileID: 536083789}
  m_GameObject: {fileID: 1662801938}
  m_Material: {fileID: 0}
  m_IsTrigger: 0
  m_Enabled: 1
  serializedVersion: 2
  m_SmoothSphereCollisions: 0
  m_Convex: 0
  m_Mesh: {fileID: 10210, guid: 0000000000000000e000000000000000, type: 0}
--- !u!33 &1662801943
MeshFilter:
  m_ObjectHideFlags: 0
  m_PrefabParentObject: {fileID: 3300000, guid: bba9a09e402b71d438228371ab71363e,
    type: 2}
  m_PrefabInternal: {fileID: 536083789}
  m_GameObject: {fileID: 1662801938}
  m_Mesh: {fileID: 10210, guid: 0000000000000000e000000000000000, type: 0}
--- !u!1 &1785813277
GameObject:
  m_ObjectHideFlags: 0
  m_PrefabParentObject: {fileID: 100000, guid: bba9a09e402b71d438228371ab71363e, type: 2}
  m_PrefabInternal: {fileID: 394491802}
  serializedVersion: 4
  m_Component:
  - 4: {fileID: 1785813278}
  - 33: {fileID: 1785813282}
  - 64: {fileID: 1785813281}
  - 23: {fileID: 1785813280}
  - 114: {fileID: 1785813279}
  m_Layer: 0
  m_Name: PowerUpSpawn
  m_TagString: Untagged
  m_Icon: {fileID: 0}
  m_NavMeshLayer: 0
  m_StaticEditorFlags: 0
  m_IsActive: 1
--- !u!4 &1785813278
Transform:
  m_ObjectHideFlags: 0
  m_PrefabParentObject: {fileID: 400000, guid: bba9a09e402b71d438228371ab71363e, type: 2}
  m_PrefabInternal: {fileID: 394491802}
  m_GameObject: {fileID: 1785813277}
  m_LocalRotation: {x: 0, y: 0, z: 0, w: 1}
  m_LocalPosition: {x: 22, y: 3.4000001, z: 20}
  m_LocalScale: {x: .5, y: .5, z: .5}
  m_Children: []
  m_Father: {fileID: 166313901}
--- !u!114 &1785813279
MonoBehaviour:
  m_ObjectHideFlags: 0
  m_PrefabParentObject: {fileID: 11400000, guid: bba9a09e402b71d438228371ab71363e,
    type: 2}
  m_PrefabInternal: {fileID: 394491802}
  m_GameObject: {fileID: 1785813277}
  m_Enabled: 1
  m_EditorHideFlags: 0
  m_Script: {fileID: 11500000, guid: c088547fdb02af44193243de9e40a9a3, type: 3}
  m_Name: 
  m_EditorClassIdentifier: 
  obj:
  - {fileID: 100000, guid: 8afd894f52854e84094adcf03d77003d, type: 2}
  spawnMin: 2
  spawnMax: 5
--- !u!23 &1785813280
Renderer:
  m_ObjectHideFlags: 0
  m_PrefabParentObject: {fileID: 2300000, guid: bba9a09e402b71d438228371ab71363e,
    type: 2}
  m_PrefabInternal: {fileID: 394491802}
  m_GameObject: {fileID: 1785813277}
  m_Enabled: 1
  m_CastShadows: 1
  m_ReceiveShadows: 1
  m_LightmapIndex: 255
  m_LightmapTilingOffset: {x: 1, y: 1, z: 0, w: 0}
  m_Materials:
  - {fileID: 10302, guid: 0000000000000000f000000000000000, type: 0}
  m_SubsetIndices: 
  m_StaticBatchRoot: {fileID: 0}
  m_UseLightProbes: 0
  m_LightProbeAnchor: {fileID: 0}
  m_ScaleInLightmap: 1
  m_SortingLayer: 0
  m_SortingOrder: 0
  m_SortingLayerID: 0
--- !u!64 &1785813281
MeshCollider:
  m_ObjectHideFlags: 0
  m_PrefabParentObject: {fileID: 6400000, guid: bba9a09e402b71d438228371ab71363e,
    type: 2}
  m_PrefabInternal: {fileID: 394491802}
  m_GameObject: {fileID: 1785813277}
  m_Material: {fileID: 0}
  m_IsTrigger: 0
  m_Enabled: 1
  serializedVersion: 2
  m_SmoothSphereCollisions: 0
  m_Convex: 0
  m_Mesh: {fileID: 10210, guid: 0000000000000000e000000000000000, type: 0}
--- !u!33 &1785813282
MeshFilter:
  m_ObjectHideFlags: 0
  m_PrefabParentObject: {fileID: 3300000, guid: bba9a09e402b71d438228371ab71363e,
    type: 2}
  m_PrefabInternal: {fileID: 394491802}
  m_GameObject: {fileID: 1785813277}
  m_Mesh: {fileID: 10210, guid: 0000000000000000e000000000000000, type: 0}
--- !u!1001 &1791927910
Prefab:
  m_ObjectHideFlags: 0
  serializedVersion: 2
  m_Modification:
    m_TransformParent: {fileID: 0}
    m_Modifications:
    - target: {fileID: 400000, guid: 41a24949f6d2ff54f9b8050c45f3820a, type: 2}
      propertyPath: m_LocalPosition.x
      value: -5.51655722
      objectReference: {fileID: 0}
    - target: {fileID: 400000, guid: 41a24949f6d2ff54f9b8050c45f3820a, type: 2}
      propertyPath: m_LocalPosition.y
      value: -3.5
      objectReference: {fileID: 0}
    - target: {fileID: 400000, guid: 41a24949f6d2ff54f9b8050c45f3820a, type: 2}
      propertyPath: m_LocalPosition.z
      value: 0
      objectReference: {fileID: 0}
    - target: {fileID: 400000, guid: 41a24949f6d2ff54f9b8050c45f3820a, type: 2}
      propertyPath: m_LocalRotation.x
      value: 0
      objectReference: {fileID: 0}
    - target: {fileID: 400000, guid: 41a24949f6d2ff54f9b8050c45f3820a, type: 2}
      propertyPath: m_LocalRotation.y
      value: 0
      objectReference: {fileID: 0}
    - target: {fileID: 400000, guid: 41a24949f6d2ff54f9b8050c45f3820a, type: 2}
      propertyPath: m_LocalRotation.z
      value: 0
      objectReference: {fileID: 0}
    - target: {fileID: 400000, guid: 41a24949f6d2ff54f9b8050c45f3820a, type: 2}
      propertyPath: m_LocalRotation.w
      value: 1
      objectReference: {fileID: 0}
    m_RemovedComponents: []
  m_ParentPrefab: {fileID: 100100000, guid: 41a24949f6d2ff54f9b8050c45f3820a, type: 2}
  m_RootGameObject: {fileID: 2120140740}
  m_IsPrefabParent: 0
  m_IsExploded: 1
--- !u!1 &1900504634
GameObject:
  m_ObjectHideFlags: 0
  m_PrefabParentObject: {fileID: 100000, guid: ee3f5068d78daff4a962edd17a6ebad9, type: 2}
  m_PrefabInternal: {fileID: 914263794}
  serializedVersion: 4
  m_Component:
  - 4: {fileID: 1900504635}
  - 33: {fileID: 1900504639}
  - 64: {fileID: 1900504638}
  - 23: {fileID: 1900504637}
  - 114: {fileID: 1900504636}
  m_Layer: 0
  m_Name: GroundSpawn
  m_TagString: Untagged
  m_Icon: {fileID: 0}
  m_NavMeshLayer: 0
  m_StaticEditorFlags: 0
  m_IsActive: 1
--- !u!4 &1900504635
Transform:
  m_ObjectHideFlags: 0
  m_PrefabParentObject: {fileID: 400000, guid: ee3f5068d78daff4a962edd17a6ebad9, type: 2}
  m_PrefabInternal: {fileID: 914263794}
  m_GameObject: {fileID: 1900504634}
  m_LocalRotation: {x: 0, y: 0, z: 0, w: 1}
  m_LocalPosition: {x: 18, y: 1.70000005, z: 10}
  m_LocalScale: {x: 1, y: 1, z: 1}
  m_Children: []
  m_Father: {fileID: 166313901}
--- !u!114 &1900504636
MonoBehaviour:
  m_ObjectHideFlags: 0
  m_PrefabParentObject: {fileID: 11400000, guid: ee3f5068d78daff4a962edd17a6ebad9,
    type: 2}
  m_PrefabInternal: {fileID: 914263794}
  m_GameObject: {fileID: 1900504634}
  m_Enabled: 1
  m_EditorHideFlags: 0
  m_Script: {fileID: 11500000, guid: c088547fdb02af44193243de9e40a9a3, type: 3}
  m_Name: 
  m_EditorClassIdentifier: 
  obj:
  - {fileID: 100000, guid: 41a24949f6d2ff54f9b8050c45f3820a, type: 2}
  - {fileID: 100000, guid: 3b403a57cdc67f547b9882fbfda4f1d7, type: 2}
  - {fileID: 100000, guid: 34464c88ad0a2c14f9a9bc46819d00cf, type: 2}
  spawnMin: 1
  spawnMax: 2
--- !u!23 &1900504637
Renderer:
  m_ObjectHideFlags: 0
  m_PrefabParentObject: {fileID: 2300000, guid: ee3f5068d78daff4a962edd17a6ebad9,
    type: 2}
  m_PrefabInternal: {fileID: 914263794}
  m_GameObject: {fileID: 1900504634}
  m_Enabled: 1
  m_CastShadows: 1
  m_ReceiveShadows: 1
  m_LightmapIndex: 255
  m_LightmapTilingOffset: {x: 1, y: 1, z: 0, w: 0}
  m_Materials:
  - {fileID: 10302, guid: 0000000000000000f000000000000000, type: 0}
  m_SubsetIndices: 
  m_StaticBatchRoot: {fileID: 0}
  m_UseLightProbes: 0
  m_LightProbeAnchor: {fileID: 0}
  m_ScaleInLightmap: 1
  m_SortingLayer: 0
  m_SortingOrder: 0
  m_SortingLayerID: 0
--- !u!64 &1900504638
MeshCollider:
  m_ObjectHideFlags: 0
  m_PrefabParentObject: {fileID: 6400000, guid: ee3f5068d78daff4a962edd17a6ebad9,
    type: 2}
  m_PrefabInternal: {fileID: 914263794}
  m_GameObject: {fileID: 1900504634}
  m_Material: {fileID: 0}
  m_IsTrigger: 0
  m_Enabled: 1
  serializedVersion: 2
  m_SmoothSphereCollisions: 0
  m_Convex: 0
  m_Mesh: {fileID: 10210, guid: 0000000000000000e000000000000000, type: 0}
--- !u!33 &1900504639
MeshFilter:
  m_ObjectHideFlags: 0
  m_PrefabParentObject: {fileID: 3300000, guid: ee3f5068d78daff4a962edd17a6ebad9,
    type: 2}
  m_PrefabInternal: {fileID: 914263794}
  m_GameObject: {fileID: 1900504634}
  m_Mesh: {fileID: 10210, guid: 0000000000000000e000000000000000, type: 0}
--- !u!1 &2090400703
GameObject:
  m_ObjectHideFlags: 0
  m_PrefabParentObject: {fileID: 0}
  m_PrefabInternal: {fileID: 0}
  serializedVersion: 4
  m_Component:
  - 4: {fileID: 2090400704}
  - 33: {fileID: 2090400709}
  - 23: {fileID: 2090400708}
  - 61: {fileID: 2090400707}
  - 50: {fileID: 2090400706}
  - 114: {fileID: 2090400705}
  m_Layer: 0
  m_Name: Destroyer
  m_TagString: Untagged
  m_Icon: {fileID: 0}
  m_NavMeshLayer: 0
  m_StaticEditorFlags: 0
  m_IsActive: 1
--- !u!4 &2090400704
Transform:
  m_ObjectHideFlags: 0
  m_PrefabParentObject: {fileID: 0}
  m_PrefabInternal: {fileID: 0}
  m_GameObject: {fileID: 2090400703}
  m_LocalRotation: {x: 0, y: 0, z: 0, w: 1}
  m_LocalPosition: {x: -20, y: 0, z: 10}
  m_LocalScale: {x: 1, y: 20, z: 1}
  m_Children: []
  m_Father: {fileID: 166313901}
--- !u!114 &2090400705
MonoBehaviour:
  m_ObjectHideFlags: 0
  m_PrefabParentObject: {fileID: 0}
  m_PrefabInternal: {fileID: 0}
  m_GameObject: {fileID: 2090400703}
  m_Enabled: 1
  m_EditorHideFlags: 0
  m_Script: {fileID: 11500000, guid: 07ad9b12fa8e9734586eb9f9072ae646, type: 3}
  m_Name: 
  m_EditorClassIdentifier: 
--- !u!50 &2090400706
Rigidbody2D:
  m_ObjectHideFlags: 0
  m_PrefabParentObject: {fileID: 0}
  m_PrefabInternal: {fileID: 0}
  m_GameObject: {fileID: 2090400703}
  m_Mass: 1
  m_LinearDrag: 0
  m_AngularDrag: .0500000007
  m_GravityScale: 0
  m_FixedAngle: 1
  m_IsKinematic: 0
  m_Interpolate: 0
  m_SleepingMode: 1
  m_CollisionDetection: 0
--- !u!61 &2090400707
BoxCollider2D:
  m_ObjectHideFlags: 0
  m_PrefabParentObject: {fileID: 0}
  m_PrefabInternal: {fileID: 0}
  m_GameObject: {fileID: 2090400703}
  m_Enabled: 1
  m_Material: {fileID: 0}
  m_IsTrigger: 1
  m_Size: {x: 1, y: 1}
  m_Center: {x: 0, y: 0}
--- !u!23 &2090400708
Renderer:
  m_ObjectHideFlags: 0
  m_PrefabParentObject: {fileID: 0}
  m_PrefabInternal: {fileID: 0}
  m_GameObject: {fileID: 2090400703}
  m_Enabled: 1
  m_CastShadows: 1
  m_ReceiveShadows: 1
  m_LightmapIndex: 255
  m_LightmapTilingOffset: {x: 1, y: 1, z: 0, w: 0}
  m_Materials:
  - {fileID: 10302, guid: 0000000000000000f000000000000000, type: 0}
  m_SubsetIndices: 
  m_StaticBatchRoot: {fileID: 0}
  m_UseLightProbes: 0
  m_LightProbeAnchor: {fileID: 0}
  m_ScaleInLightmap: 1
  m_SortingLayer: 0
  m_SortingOrder: 0
  m_SortingLayerID: 0
--- !u!33 &2090400709
MeshFilter:
  m_ObjectHideFlags: 0
  m_PrefabParentObject: {fileID: 0}
  m_PrefabInternal: {fileID: 0}
  m_GameObject: {fileID: 2090400703}
  m_Mesh: {fileID: 10210, guid: 0000000000000000e000000000000000, type: 0}
--- !u!1 &2120140740
GameObject:
  m_ObjectHideFlags: 0
  m_PrefabParentObject: {fileID: 100000, guid: 41a24949f6d2ff54f9b8050c45f3820a, type: 2}
  m_PrefabInternal: {fileID: 1791927910}
  serializedVersion: 4
  m_Component:
  - 4: {fileID: 2120140741}
  - 61: {fileID: 2120140742}
  m_Layer: 0
  m_Name: Large Ground
  m_TagString: Untagged
  m_Icon: {fileID: 0}
  m_NavMeshLayer: 0
  m_StaticEditorFlags: 0
  m_IsActive: 1
--- !u!4 &2120140741
Transform:
  m_ObjectHideFlags: 0
  m_PrefabParentObject: {fileID: 400000, guid: 41a24949f6d2ff54f9b8050c45f3820a, type: 2}
  m_PrefabInternal: {fileID: 1791927910}
  m_GameObject: {fileID: 2120140740}
  m_LocalRotation: {x: 0, y: 0, z: 0, w: 1}
  m_LocalPosition: {x: -5.51655722, y: -3.5, z: 0}
  m_LocalScale: {x: 1, y: 1, z: 1}
  m_Children:
  - {fileID: 1631364096}
  - {fileID: 686093619}
  - {fileID: 843598805}
  m_Father: {fileID: 0}
--- !u!61 &2120140742
BoxCollider2D:
  m_ObjectHideFlags: 0
  m_PrefabParentObject: {fileID: 6100006, guid: 41a24949f6d2ff54f9b8050c45f3820a,
    type: 2}
  m_PrefabInternal: {fileID: 1791927910}
  m_GameObject: {fileID: 2120140740}
  m_Enabled: 1
  m_Material: {fileID: 6200000, guid: 3626fe8e008014f6bbd19bb72937b311, type: 2}
  m_IsTrigger: 0
  m_Size: {x: 1, y: 1}
  m_Center: {x: 0, y: 0}
--- !u!1001 &2123393723
Prefab:
  m_ObjectHideFlags: 0
  serializedVersion: 2
  m_Modification:
    m_TransformParent: {fileID: 166313901}
    m_Modifications:
    - target: {fileID: 11400000, guid: ee3f5068d78daff4a962edd17a6ebad9, type: 2}
      propertyPath: obj.Array.size
      value: 2
      objectReference: {fileID: 0}
    - target: {fileID: 400000, guid: ee3f5068d78daff4a962edd17a6ebad9, type: 2}
      propertyPath: m_LocalPosition.x
      value: 18
      objectReference: {fileID: 0}
    - target: {fileID: 400000, guid: ee3f5068d78daff4a962edd17a6ebad9, type: 2}
      propertyPath: m_LocalPosition.y
      value: -4.0999999
      objectReference: {fileID: 0}
    - target: {fileID: 400000, guid: ee3f5068d78daff4a962edd17a6ebad9, type: 2}
      propertyPath: m_LocalPosition.z
      value: 10
      objectReference: {fileID: 0}
    - target: {fileID: 400000, guid: ee3f5068d78daff4a962edd17a6ebad9, type: 2}
      propertyPath: m_LocalRotation.x
      value: 0
      objectReference: {fileID: 0}
    - target: {fileID: 400000, guid: ee3f5068d78daff4a962edd17a6ebad9, type: 2}
      propertyPath: m_LocalRotation.y
      value: 0
      objectReference: {fileID: 0}
    - target: {fileID: 400000, guid: ee3f5068d78daff4a962edd17a6ebad9, type: 2}
      propertyPath: m_LocalRotation.z
      value: 0
      objectReference: {fileID: 0}
    - target: {fileID: 400000, guid: ee3f5068d78daff4a962edd17a6ebad9, type: 2}
      propertyPath: m_LocalRotation.w
      value: 1
      objectReference: {fileID: 0}
    m_RemovedComponents: []
  m_ParentPrefab: {fileID: 100100000, guid: ee3f5068d78daff4a962edd17a6ebad9, type: 2}
  m_RootGameObject: {fileID: 248537158}
  m_IsPrefabParent: 0
  m_IsExploded: 1
